@book{Practical_Malware_Analysis,
author = {Sikorski, Michael},
author = {Honig, Andrew},
title = {Practical Malware Analysis},
publisher = {No Starch Press},
year = {2012},
}

@article{sokpacker,
title = {SoK: Deep Packer Inspection: A Longitudinal Study of the Complexity of Run-Time Packers},
author = {Xabier Ugarte-Pedrero},
author = {Davide Balzarotti},
author = {Igor Santos},
author = {Pablo G. Bringas},
year = {2015},
}

@article{coogan,
title = {Automatic Static Unpacking of Malware Binaries},
author = {Kevin Coogan},
author = {Saumya Debray},
author = {Tasneem Kaochar},
author = {Gregg Townsend},
year = {2009},
}

@article{jackdaw,
title = "Jackdaw: Towards Automatic Reverse
Engineering of Large Datasets of Binaries",
author = {Mario Polino},
author = {Andrea Scorti},
author = {Federico Maggi},
author = {Stefano Zanero},
year = {2015},
}