@online{Controlling-Windows-process-list,
author = {j00ru//vx tech blog},
title = {Controlling Windows process list},
year = 2009,
url = {http://j00ru.vexillium.org/?p=194},
}